@incollection{Fayyad:FromDataMining,
	 author = {Fayyad, Usama M. and Piatetsky-Shapiro, Gregory and Smyth, Padhraic},
	 chapter = {From Data Mining to Knowledge Discovery: An Overview},
	 title = {Advances in Knowledge Discovery and Data Mining},
	 editor = {Fayyad, Usama M. and Piatetsky-Shapiro, Gregory and Smyth, Padhraic and Uthurusamy, Ramasamy},
	 year = {1996},
	 isbn = {0-262-56097-6},
	 pages = {1--34},
	 numpages = {34},
	 url = {http://dl.acm.org/citation.cfm?id=257938.257942},
	 acmid = {257942},
	 publisher = {American Association for Artificial Intelligence},
	 address = {Menlo Park, CA, USA}
},

@book{Rajaraman:MiningMassiveDatasets,
	author = {Rajaraman, Anand and Ullman, Jeffrey David},
	title = {Mining of Massive Datasets},
	year = {2011},
	isbn = {1107015359, 9781107015357},
	publisher = {Cambridge University Press},
	address = {New York, NY, USA}
},

@misc{web:MOA,
      author = {University of Waikato, New Zealand},
      title = {MOA - Overview},
      month = {October},
      year = {2014},
      url = {http://moa.cms.waikato.ac.nz/overview}
},

@misc{web:Weka,
      author = {University of Waikato, New Zealand},
      title = {Weka 3 - Data Mining with Open Source Machine Learning Software in Java},
      month = {October},
      year = {2014},
      url = {http://www.cs.waikato.ac.nz/ml/weka}
},

@misc{web:AgileTriangle,
      author = {Shane Hastie},
      title = {Agile Australia - Opening Keynotes},
      month = {October},
      year = {2010},
      url = {http://www.infoq.com/news/2010/10/agile-australia-keynotes}
},

@inproceedings{Dwork:DifferentialPrivacy,
    author = {Cynthia Dwork},
    title = {Differential privacy},
    booktitle = {in ICALP},
    year = {2006},
    pages = {1--12},
    publisher = {Springer}
},

@book{Hundepool:StatisticalDisclosureControl,
	author = {Anco Hundepool et. al.},
	title = {Statistical Disclosure Control},
	date = {2012},
	publisher = {John Wiley \& Sons, Ltd.}
},

@misc{web:AgileManifesto,
	author = {Martin Fowler et. al.},
	title = {Agile Manifesto for Software Development},
	month = {October},
	year = {2014},
	url = {http://agilemanifesto.org}
},

@misc{web:Glassdoor,
	author = {Glassdoor Inc.},
	title = {Company Salaries - Glassdoor},
	month = {October},
	year = {2014},
	url = {http://www.glassdoor.com/Salaries/index.htm}
},

@misc{web:Merriam:Seclusion,
	author = {Merriam Webster Inc.},
	title = {Seclusion},
	month = {October},
	year = {2014},
	url = {http://www.merriam-webster.com/dictionary/seclusion}
},

@misc{web:Wiki:InversionOfControl,
	author = {Wikipedia},
	title = {Inversion of control},
	year = {2014},
	url = {http://en.wikipedia.org/wiki/Inversion_of_control}
},

@misc{web:Wiki:OpenMP,
	author = {Wikipedia},
	title = {OpenMP},
	year = {2015},
	url = {http://en.wikipedia.org/wiki/OpenMP}
},

@misc{web:Oracle:JNI,
	author = {Oracle Corporation},
	title = {Java SE 7 Java Native Interface-related APIs and Developer Guides},
	year = {2014},
	url = {http://docs.oracle.com/javase/7/docs/technotes/guides/jni/}
},

@misc{web:Renjin,
	author = {BeDataDriven Inc.},
	title = {Renjin},
	year = {2015},
	url = {http://www.renjin.org}
},

@misc{web:rJava,
	author = {Simon Urbanek},
	title = {rJava - Low-level R to Java interface},
	year = {2015},
	url = {https://www.rforge.net/rJava}
},

@misc{web:JRI,
	author = {Simon Urbanek},
	title = {JRI - Java/R Interface},
	year = {2015},
	url = {https://www.rforge.net/JRI}
},

@misc{web:Rserve,
	author = {Simon Urbanek},
	title = {Rserve - Binary R server},
	year = {2015},
	url = {https://rforge.net/Rserve/index.html}
},

@misc{web:SOLID,
	author = {Martin, Robert C.},
	title = {The Principles of OOD},
	year = {2015},
	url = {http://butunclebob.com/ArticleS.UncleBob.PrinciplesOfOod}
},

@misc{web:UN:HumanRightsDeclaration,
	author = {UN General Assembly},
	title = {Universal Declaration of Human Rights},
	month = {December},
	year = {1948}
},

@inproceedings{Romanosky:DisclosureLaws,
    author = {Romanosky, Sasha},
    title = {Do Data Breach Disclosure Laws Reduce Identity Theft?},
    booktitle = {Workshop on the Economics of Information Security},
    year = {2008}
},

@misc{web:SDC,
	author = {Office for National Statistics},
	title = {Statistical Disclosure Control},
	year = {2014},
	url = {http://www.ons.gov.uk/ons/guide-method/method-quality/general-methodology/statistical-disclosure-control/index.html}
},

@article{Gaber:MiningDataStreamsReview,
	author = {Gaber, Mohamed},
	title = {Mining data streams: a review},
	journal = {ACM SIGMOD Record},
	month = {June},
	year = {2005},
	volume = {34},
	issue = {2}
}

@article{Kargupta:MineFleet,
	author = {Kargupta, H.},
	title = {MineFleet®: The Vehicle Data Stream Mining System for Ubiquitous Environments},
	journal = {Ubiquitous Knowledge Discovery},
	year = {2010}
}

@article{Sweeney:kAnonymity,
	author = {Sweeney, Latanya},
	title = {K-anonymity: A Model for Protecting Privacy},
	journal = {Int. J. Uncertain. Fuzziness Knowl.-Based Syst.},
	issue_date = {October 2002},
	volume = {10},
	number = {5},
	month = oct,
	year = {2002},
	url = {http://dx.doi.org/10.1142/S0218488502001648},
	doi = {10.1142/S0218488502001648},
	publisher = {World Scientific Publishing Co., Inc.}
} 

@article{Machanavajjhala:lDiversity,
	author = {Machanavajjhala, Ashwin},
	title = {L-diversity: Privacy Beyond K-anonymity},
	journal = {ACM Transactions on Knowledge Discovery from Data},
	year = {2007}
}

@article{Ninghui:tCloseness,
	author = {Ninghui, Li},
	title = {t-Closeness: Privacy Beyond k-Anonymity and l-Diversity},
	journal = {Proc. of IEEE 23rd Int’l Conf. on Data Engineering},
	year = {2007}
}

@book{Templ:SdcMicroManual,
	author = {Templ, Matthias},
	title = {sdcMicro: Statistical Disclosure Control methods for anonymization of microdata and risk estimation},
	date = {2014},
	publisher = {CRAN R package repository},
	url = {http://cran.r-project.org/web/packages/sdcMicro/index.html}
},

@misc{Templ:IntroSDC,
	author={Templ, Matthias and Meindl, Bernhard and Kowarik, Alexander},
	title={Introduction to Statistical Disclosure Control (SDC)},
	date={2014-07-18},
	publisher = {CRAN R package repository},
	url={http://cran.r-project.org/web/packages/sdcMicro/vignettes/sdc_guidelines.pdf}
}

@misc{web:Richmond:PlaystationDataTheft,
	author = {Richmond, Shane},
	organization = {The Telegraph},
	title = {Millions of internet users hit by massive Sony PlayStation data theft},
	day = {26},
	month = {April},
	year = {2011},
	url = {http://www.telegraph.co.uk/technology/news/8475728/Millions-of-internet-users-hit-by-massive-Sony-PlayStation-data-theft.html},
}

@misc{web:Charles:NakedCelebrities,
	author = {Charles, Arthur},
	organization = {The Guardian},
	title = {Naked celebrity hack: security experts focus on iCloud backup theory},
	day = {4},
	month = {September},
	year = {2014},
	url = {http://www.theguardian.com/technology/2014/sep/01/naked-celebrity-hack-icloud-backup-jennifer-lawrence},
}

@misc{BOE:LOPD,
	author = {BOE},
	title = {Ley Orgánica 15/1999, de 13 de diciembre, de Protección de Datos de Carácter Personal},
	year = {1999},
	url = {https://www.boe.es/boe/dias/1999/12/14/pdfs/A43088-43099.pdf}
},

@misc{web:SAMOA,
	author = {Yahoo},
	title = {SAMOA by Yahoo},
	year = {2014},
	url = {http://samoa-project.net}
},

@misc{web:ApacheS4,
	author = {The Apache Software Foundation},
	title = {S4: Distributed Stream Computing Platform},
	year = {2014},
	url = {http://incubator.apache.org/s4}
},

@misc{web:ApacheStorm,
	author = {The Apache Software Foundation},
	title = {Storm, distributed and fault-tolerant realtime computation},
	year = {2014},
	url ={https://storm.incubator.apache.org}
},

@misc{Cullen:TermsAndConditionsMayApply,
	author = {Hoback, Cullen {\relax (Director)}},
	title = {Terms and Conditions May Apply},
	year = {2013},
	howpublished = {Documentary},
	organization = {Hyrax Films},
	url = {http://tacma.net},
	urldate = {2015},
},

@article{Nin:RethinkingRankSwapping,
	author = {Nin, Jordi and Herranz, Javier and Torra, Vicenç},
	title = {Rethinking rank swapping to decrease disclosure risk},
	journaltitle = {Data \& Knowledge Engineering},
	date = {2007-07-31},
	doi = {10.1016/j.datak.2007.07.006},
	url = {http://www.sciencedirect.com/science/article/pii/S0169023X07001498}
},

@article{Domingo:DiscRiskAssessment,
	author = {Domingo-Ferrer, Josep and Torra, Vicenç},
	title = {Disclosure risk assessment in statistical data protection},
	journaltitle = {Journal of Computational and Applied Mathematics},
	date = {2003-02-14},
	doi = {10.1016/S0377-0427(03)00643-5}
},

@incollection{Torra:RecLinkMethods,
	year={2003},
	isbn={978-3-642-05628-4},
	booktitle={Information Fusion in Data Mining},
	volume={123},
	series={Studies in Fuzziness and Soft Computing},
	editor={Torra, Vicenç},
	doi={10.1007/978-3-540-36519-8_7},
	title={Record linkage methods for multidatabase data mining},
	url={http://dx.doi.org/10.1007/978-3-540-36519-8_7},
	publisher={Springer Berlin Heidelberg},
	author={Torra, Vicenç and Domingo-Ferrer, Josep},
	pages={101-132},
	language={English}
},

@article{Mateo:ProbInfLossMeasures,
	year={2005},
	issn={1384-5810},
	journal={Data Mining and Knowledge Discovery},
	volume={11},
	number={2},
	doi={10.1007/s10618-005-0011-9},
	title={Probabilistic Information Loss Measures in Confidentiality Protection of Continuous Microdata},
	url={http://dx.doi.org/10.1007/s10618-005-0011-9},
	publisher={Springer US},
	keywords={database security; privacy; statistical disclosure control; microdata protection; information loss measures},
	author={Mateo-Sanz, JosepM. and Domingo-Ferrer, Josep and Sebé, Francesc},
	pages={181-193},
	language={English}
},

@incollection{Domingo:SDCMethodsInfoLoss,
	year={2001},
	pages={91-110},
	booktitle={Confidentiality, Disclosure, and Data Access: Theory and Practical Applications for Statistical Agencies},
	title={Disclosure control methods and information loss for microdata},
	author={Domingo-Ferrer, Josep and Torra, Vicenç},
	publisher={Elsevier Science}
},

@misc{web:Wiki:ScrumProcess,
	author = {Lakeworks},
	title = {Scrum Process},
	publisher = {Wikimedia Commons},
	year = {2009},
	url = {http://commons.wikimedia.org/wiki/File:Scrum_process.svg}
},

@misc{web:Wiki:Scrum,
	author = {Wikipedia},
	title = {Scrum (software development)},
	year = {2015},
	url = {http://en.wikipedia.org/wiki/Scrum_%28software_development%29}
},

@misc{web:Wiki:LaplaceDist,
	author = {IkamusumeFan},
	title = {Laplace distribution pdf},
	publisher = {Wikimedia Commons},
	year = {2005},
	url = {http://commons.wikimedia.org/wiki/File:Laplace_distribution_pdf.png}
},

@misc{web:InternetJurisdiction,
	author = {Internet \& Jurisdiction Project},
	title = {Internet \& Jurisdiction Project - A global multi-stakeholder dialogue process},
	publisher = {Internet \& Jurisdiction Project},
	year = {2015},
	url = {http://www.internetjurisdiction.net}
},

@article{Domingo:EnhancingDiffPrivMicroaggregation,
	year={2014},
	issn={1066-8888},
	journal={The VLDB Journal},
	volume={23},
	number={5},
	doi={10.1007/s00778-014-0351-4},
	title={Enhancing data utility in differential privacy via microaggregation-based k-anonymity},
	url={http://dx.doi.org/10.1007/s00778-014-0351-4},
	publisher={Springer Berlin Heidelberg},
	keywords={Privacy-preserving data publishing; Differential privacy; $$k$$ k -Anonymity; Microaggregation; Data utility},
	author={Soria-Comas, Jordi and Domingo-Ferrer, Josep and Sánchez, David and Martínez, Sergio},
	pages={771-794},
	language={English}
},

@article{Domingo:PracticalMicroaggregation,
	author={Domingo-Ferrer, J. and Mateo-Sanz, J.M.},
	journal={Knowledge and Data Engineering, IEEE Transactions on},
	title={Practical data-oriented microaggregation for statistical disclosure control},
	year={2002},
	month={Jan},
	volume={14},
	number={1},
	doi={10.1109/69.979982}
},

@article{Domingo:KAnonMicroagg,
	year={2005},
	issn={1384-5810},
	journal={Data Mining and Knowledge Discovery},
	volume={11},
	number={2},
	doi={10.1007/s10618-005-0007-5},
	title={Ordinal, Continuous and Heterogeneous k-Anonymity Through Microaggregation},
	url={http://dx.doi.org/10.1007/s10618-005-0007-5},
	publisher={Springer US},
	keywords={k-anonymity; microdata privacy; database security; microaggregation},
	author={Domingo-Ferrer, Josep and Torra, Vicenç},
	pages={195-212},
	language={English}
},

@article{Domingo:MuAproxPolyTimeMicroagg,
	title = {A polynomial-time approximation to optimal multivariate microaggregation},
	journal = {Computers \& Mathematics with Applications},
	volume = {55},
	number = {4},
	pages = {714 - 732},
	year = {2008},
	doi = {http://dx.doi.org/10.1016/j.camwa.2007.04.034},
	url = {http://www.sciencedirect.com/science/article/pii/S0898122107005044},
	author = {Josep Domingo-Ferrer and Francesc Sebé and Agusti Solanas},
},

@inproceedings{Leoni:NonInteractiveDiffPriv,
	author = {Leoni, David},
	title = {Non-interactive Differential Privacy: A Survey},
	booktitle = {Proceedings of the First International Workshop on Open Data},
	series = {WOD '12},
	year = {2012},
	isbn = {978-1-4503-1404-6},
	location = {Nantes, France},
	pages = {40--52},
	numpages = {13},
	url = {http://doi.acm.org/10.1145/2422604.2422611},
	doi = {10.1145/2422604.2422611},
	acmid = {2422611},
	publisher = {ACM},
	address = {New York, NY, USA},
},

@incollection{Brand:NoiseAddition,
	year={2002},
	isbn={978-3-540-43614-0},
	booktitle={Inference Control in Statistical Databases},
	volume={2316},
	series={Lecture Notes in Computer Science},
	editor={Domingo-Ferrer, Josep},
	doi={10.1007/3-540-47804-3_8},
	title={Microdata Protection through Noise Addition},
	url={http://dx.doi.org/10.1007/3-540-47804-3_8},
	publisher={Springer Berlin Heidelberg},
	author={Brand, Ruth},
	pages={97-116},
}