@incollection{Fayyad:1996:DMK:257938.257942,
 author = {Fayyad, Usama M. and Piatetsky-Shapiro, Gregory and Smyth, Padhraic},
 chapter = {From Data Mining to Knowledge Discovery: An Overview},
 title = {Advances in Knowledge Discovery and Data Mining},
 editor = {Fayyad, Usama M. and Piatetsky-Shapiro, Gregory and Smyth, Padhraic and Uthurusamy, Ramasamy},
 year = {1996},
 isbn = {0-262-56097-6},
 pages = {1--34},
 numpages = {34},
 url = {http://dl.acm.org/citation.cfm?id=257938.257942},
 acmid = {257942},
 publisher = {American Association for Artificial Intelligence},
 address = {Menlo Park, CA, USA},
},

@book{Rajaraman:2011:MMD:2124405,
 author = {Rajaraman, Anand and Ullman, Jeffrey David},
 title = {Mining of Massive Datasets},
 year = {2011},
 isbn = {1107015359, 9781107015357},
 publisher = {Cambridge University Press},
 address = {New York, NY, USA},
},

@misc{website:MOA-Overview,
      author = "University of Waikato, New Zealand",
      title = "MOA - Overview",
      month = "October",
      year = "2014",
      url = "http://moa.cms.waikato.ac.nz/overview"
},

@misc{website:Weka,
      author = "University of Waikato, New Zealand",
      title = "Weka 3 - Data Mining with Open Source Machine Learning Software in Java",
      month = "October",
      year = "2014",
      url = "http://www.cs.waikato.ac.nz/ml/weka"
},

@misc{website:AgileTriangle,
      author = "Shane Hastie",
      title = "Agile Australia - Opening Keynotes",
      month = "October",
      year = "2010",
      url = "http://www.infoq.com/news/2010/10/agile-australia-keynotes"
},

@inproceedings{Dwork06differentialprivacy,
    author = {Cynthia Dwork},
    title = {Differential privacy},
    booktitle = {in ICALP},
    year = {2006},
    pages = {1--12},
    publisher = {Springer}
},

@book{book:StatisticalDisclosureControl,
	author = "Anco Hundepool et. al.",
	title = "Statistical Disclosure Control",
	date = "2012",
	publisher = "John Wiley \& Sons, Ltd."
},

@misc{website:AgileManifesto,
      author = "Martin Fowler et. al.",
      title = "Agile Manifesto for Software Development",
      month = "October",
      year = "2014",
      url = "http://agilemanifesto.org"
},
