@incollection{Fayyad:FromDataMining,
	 author = {Fayyad, Usama M. and Piatetsky-Shapiro, Gregory and Smyth, Padhraic},
	 chapter = {From Data Mining to Knowledge Discovery: An Overview},
	 title = {Advances in Knowledge Discovery and Data Mining},
	 editor = {Fayyad, Usama M. and Piatetsky-Shapiro, Gregory and Smyth, Padhraic and Uthurusamy, Ramasamy},
	 year = {1996},
	 isbn = {0-262-56097-6},
	 pages = {1--34},
	 numpages = {34},
	 url = {http://dl.acm.org/citation.cfm?id=257938.257942},
	 acmid = {257942},
	 publisher = {American Association for Artificial Intelligence},
	 address = {Menlo Park, CA, USA}
},

@book{Rajaraman:MiningMassiveDatasets,
	author = {Rajaraman, Anand and Ullman, Jeffrey David},
	title = {Mining of Massive Datasets},
	year = {2011},
	isbn = {1107015359, 9781107015357},
	publisher = {Cambridge University Press},
	address = {New York, NY, USA}
},

@misc{web:MOA,
      author = {University of Waikato, New Zealand},
      title = {MOA - Overview},
      month = {October},
      year = {2014},
      url = {http://moa.cms.waikato.ac.nz/overview}
},

@misc{web:Weka,
      author = {University of Waikato, New Zealand},
      title = {Weka 3 - Data Mining with Open Source Machine Learning Software in Java},
      month = {October},
      year = {2014},
      url = {http://www.cs.waikato.ac.nz/ml/weka}
},

@misc{web:AgileTriangle,
      author = {Shane Hastie},
      title = {Agile Australia - Opening Keynotes},
      month = {October},
      year = {2010},
      url = {http://www.infoq.com/news/2010/10/agile-australia-keynotes}
},

@inproceedings{Dwork:DifferentialPrivacy,
    author = {Cynthia Dwork},
    title = {Differential privacy},
    booktitle = {in ICALP},
    year = {2006},
    pages = {1--12},
    publisher = {Springer}
},

@book{Hundepool:StatisticalDisclosureControl,
	author = {Anco Hundepool et. al.},
	title = {Statistical Disclosure Control},
	date = {2012},
	publisher = {John Wiley \& Sons, Ltd.}
},

@misc{web:AgileManifesto,
	author = {Martin Fowler et. al.},
	title = {Agile Manifesto for Software Development},
	month = {October},
	year = {2014},
	url = {http://agilemanifesto.org}
},

@misc{web:Glassdoor,
	author = {Glassdoor Inc.},
	title = {Company Salaries - Glassdoor},
	month = {October},
	year = {2014},
	url = {http://www.glassdoor.com/Salaries/index.htm}
},

@misc{web:Merriam:Seclusion,
	author = {Merriam Webster Inc.},
	title = {Seclusion},
	month = {October},
	year = {2014},
	url = {http://www.merriam-webster.com/dictionary/seclusion}
},

@misc{web:Wiki:InversionOfControl,
	author = {Wikipedia},
	title = {Inversion of control},
	year = {2014},
	url = {http://en.wikipedia.org/wiki/Inversion_of_control}
},

@misc{web:Renjin,
	author = {BeDataDriven Inc.},
	title = {Renjin},
	year = {2015},
	url = {http://www.renjin.org}
},

@misc{web:UN:HumanRightsDeclaration,
	author = {UN General Assembly},
	title = {Universal Declaration of Human Rights},
	month = {December},
	year = {1948}
},

@inproceedings{Romanosky:DisclosureLaws,
    author = {Romanosky, Sasha},
    title = {Do Data Breach Disclosure Laws Reduce Identity Theft?},
    booktitle = {Workshop on the Economics of Information Security},
    year = {2008}
},

@misc{web:SDC,
	author = {Office for National Statistics},
	title = {Statistical Disclosure Control},
	year = {2014},
	url = {http://www.ons.gov.uk/ons/guide-method/method-quality/general-methodology/statistical-disclosure-control/index.html}
},

@article{Gaber:MiningDataStreamsReview,
	author = {Gaber, Mohamed},
	title = {Mining data streams: a review},
	journal = {ACM SIGMOD Record},
	month = {June},
	year = {2005},
	volume = {34},
	issue = {2}
}

@article{Kargupta:MineFleet,
	author = {Kargupta, H.},
	title = {MineFleet®: The Vehicle Data Stream Mining System for Ubiquitous Environments},
	journal = {Ubiquitous Knowledge Discovery},
	year = {2010}
}

@article{Sweeney:kAnonymity,
	author = {Sweeney, Latanya},
	title = {K-anonymity: a Model for Protecting Privacy},
	journal = {International Journal of Uncertainty, Fuzziness and Knowledge-Based Systems},
	year = {2002}
}

@article{Machanavajjhala:lDiversity,
	author = {Machanavajjhala, Ashwin},
	title = {L-diversity: Privacy Beyond K-anonymity},
	journal = {ACM Transactions on Knowledge Discovery from Data},
	year = {2007}
}

@article{Ninghui:tCloseness,
	author = {Ninghui, Li},
	title = {t-Closeness: Privacy Beyond k-Anonymity and l-Diversity},
	journal = {Proc. of IEEE 23rd Int’l Conf. on Data Engineering},
	year = {2007}
}

@book{Templ:SdcMicro,
	author = {Templ, Matthias},
	title = {sdcMicro: Statistical Disclosure Control methods for anonymization of microdata and risk estimation},
	date = {2014},
	publisher = {CRAN R package repository},
	url = {http://cran.r-project.org/web/packages/sdcMicro/index.html}
},

@misc{web:Richmond:PlaystationDataTheft,
	author = {Richmond, Shane},
	organization = {The Telegraph},
	title = {Millions of internet users hit by massive Sony PlayStation data theft},
	day = {26},
	month = {April},
	year = {2011},
	url = {http://www.telegraph.co.uk/technology/news/8475728/Millions-of-internet-users-hit-by-massive-Sony-PlayStation-data-theft.html},
}

@misc{web:Charles:NakedCelebrities,
	author = {Charles, Arthur},
	organization = {The Guardian},
	title = {Naked celebrity hack: security experts focus on iCloud backup theory},
	day = {4},
	month = {September},
	year = {2014},
	url = {http://www.theguardian.com/technology/2014/sep/01/naked-celebrity-hack-icloud-backup-jennifer-lawrence},
}

@misc{BOE:LOPD,
	author = {BOE},
	title = {Ley Orgánica 15/1999, de 13 de diciembre, de Protección de Datos de Carácter Personal},
	year = {1999},
	url = {https://www.boe.es/boe/dias/1999/12/14/pdfs/A43088-43099.pdf}
},

@misc{web:SAMOA,
	author = {Yahoo},
	title = {SAMOA by Yahoo},
	year = {2014},
	url = {http://samoa-project.net}
},

@misc{web:ApacheS4,
	author = {The Apache Software Foundation},
	title = {S4: Distributed Stream Computing Platform},
	year = {2014},
	url = {http://incubator.apache.org/s4}
},

@misc{web:ApacheStorm,
	author = {The Apache Software Foundation},
	title = {Storm, distributed and fault-tolerant realtime computation},
	year = {2014},
	url ={https://storm.incubator.apache.org}
},

@misc{Cullen:TermsAndConditionsMayApply,
	author = {Hoback, Cullen {\relax (Director)}},
	title = {Terms and Conditions May Apply},
	year = {2013},
	howpublished = {Documentary},
	organization = {Hyrax Films},
	url = {http://tacma.net},
	urldate = {2015},
}

